@manual{anleitung,
  author = {TU Dortmund},
  title = {GedaÌˆmpfte und erzwungene Schwingungen},
  URL = {http://129.217.224.2/HOMEPAGE/PHYSIKER/BACHELOR/AP/SKRIPT/V354.pdf},
  date = 12.2015
}
